
@misc{dataset,
  year = 2020,
  title = {Spotify 1.2M+ Songs},
  description = {Audio features of over 1.2 million songs obtained with the Spotify API},
  howpublished = {\url{https://www.kaggle.com/rodolfofigueroa/spotify-12m-songs}},
  note = {Accessed: 21.01.2022},
  author = {Rodolfo Figueroa}
}