
@misc{dataset,
  year = 2020,
  title = {Spotify 1.2M+ Songs},
  description = {Audio features of over 1.2 million songs obtained with the Spotify API},
  howpublished = {\url{https://www.kaggle.com/rodolfofigueroa/spotify-12m-songs}},
  note = {Accessed: 21.01.2022},
  author = {Rodolfo Figueroa}
}

@misc{spotify_audio_features,
  title = {Spotify Audio Features {API} reference},
  howpublished = {\url{https://developer.spotify.com/documentation/web-api/reference/#/operations/get-several-audio-features}},
  note = {Accessed: 01.02.2022},
}

@article{sklearn,
 title={Scikit-learn: Machine Learning in {P}ython},
 author={Pedregosa, F. and Varoquaux, G. and Gramfort, A. and Michel, V.
         and Thirion, B. and Grisel, O. and Blondel, M. and Prettenhofer, P.
         and Weiss, R. and Dubourg, V. and Vanderplas, J. and Passos, A. and
         Cournapeau, D. and Brucher, M. and Perrot, M. and Duchesnay, E.},
 journal={Journal of Machine Learning Research},
 volume={12},
 year={2011}
}

@InProceedings{pandas,
  author    = { {W}es {M}c{K}inney },
  title     = { {D}ata {S}tructures for {S}tatistical {C}omputing in {P}ython },
  booktitle = { {P}roceedings of the 9th {P}ython in {S}cience {C}onference },
  pages     = { 56 - 61 },
  year      = { 2010 },
  editor    = { {S}t\'efan van der {W}alt and {J}arrod {M}illman },
  doi       = { 10.25080/Majora-92bf1922-00a }
}